<?xml version="1.0" encoding="UTF-8"?><collection xmlns="http://www.loc.gov/MARC21/slim"><record><leader>00370nam--2200121-i-4500</leader><controlfield tag="001">000018007</controlfield><controlfield tag="002">20161230</controlfield><controlfield tag="005">20161230201032</controlfield><controlfield tag="008">060222s1000------------r-----000-0-eng-d</controlfield><datafield ind1=" " ind2=" " tag="100"><subfield code="a">Einstein, Albert</subfield></datafield><datafield ind1=" " ind2=" " tag="245"><subfield code="a">Mayer, w</subfield></datafield><datafield ind1=" " ind2=" " tag="260"><subfield code="a">Zwei Streuge Statische Losungen Der Feldgleichungen Der Enheitlichen Feldtheorie</subfield></datafield><datafield ind1=" " ind2=" " tag="490"><subfield code="a">Berlin,  Akademie Der Wissenschaften , 1930. 13 P</subfield></datafield></record></collection>